@book{Dumitrica:2010,
  title={Trends in Computational Nanomechanics: Transcending Length and
 Time Scales},
  author={Dumitrica, T.},
  volume={9},
  year={2010},
  publisher={Springer Science \& Business Media}
}

@article{Schelling:2002,
  title={Comparison of atomic-level simulation methods for computing 
thermal conductivity},
  author={Schelling, P.K. and Phillpot, S.R. and Keblinski, P.},
  journal={Physical Review B},
  volume={65},
  pages={144306},
  year={2002},
  publisher={APS}
}

@article{Turney:2009,
  title={Predicting phonon properties and thermal conductivity from anharmonic
 lattice dynamics calculations and molecular dynamics simulations},
  author={Turney, J.E. and Landry, E.S. and McGaughey, A.J.H. and Amon, C.H.},
  journal={Physical Review B},
  volume={79},
  pages={064301},
  year={2009},
  publisher={APS}
}

@article{Zhou:2009,
  title = {Towards more accurate molecular dynamics calculation of thermal
 conductivity: Case study of GaN bulk crystals},
  author = {Zhou, X. W. and Aubry, S. and Jones, R. E. and Greenstein, A. and
             Schelling, P. K.},
  journal = {Phys. Rev. B},
  volume = {79},
  issue = {11},
  pages = {115201},
  numpages = {17},
  year = {2009},
  month = {Mar},
  publisher = {American Physical Society},
}

@article{Landry:2009,
  title={Thermal boundary resistance predictions from molecular dynamics simulations
 and theoretical calculations},
  author={Landry, E.S. and McGaughey, A.J.H.},
  journal={Physical Review B},
  volume={80},
  pages={165304},
  year={2009},
  publisher={APS}
}

@article{Mcgaughey:2006,
  title={Phonon transport in molecular dynamics simulations: Formulation 
and thermal conductivity prediction},
  author={McGaughey, A.J.H. and Kaviany, M.},
  journal={Advances in Heat Transfer},
  volume={39},
  pages={169--255},
  year={2006},
  publisher={Elsevier}
}

@article{Ni:2009,
  title={Thermal transport in polyethylene and at polyethylene--diamond interfaces
 investigated using molecular dynamics simulation},
  author={Ni, B. and Watanabe, T. and Phillpot, S.R.},
  journal={Journal of Physics: Condensed Matter},
  volume={21},
  pages={084219},
  year={2009},
  publisher={IOP Publishing}
}

@article{Shi:2009,
  title={Size dependent thermoelectric properties of silicon nanowires},
  author={Shi, L. and Yao, D. and Zhang, G. and Li, B.},
  journal={Applied Physics Letters},
  volume={95},
  pages={063102},
  year={2009},
  publisher={AIP}
}

@article{Wang:2009,
  title={Thermal conductivity of silicon nanowire by nonequilibrium molecular
 dynamics simulations},
  author={Wang, S.-C. and Liang, X.-G. and Xu, X.-H. and Ohara, T.},
  journal={Journal of Applied Physics},
  volume={105},
  pages={014316},
  year={2009},
  publisher={AIP}
}

@article{Papanikolaou:2008,
  title={Lattice thermal conductivity of {SiC} nanowires},
  author={Papanikolaou, N.},
  journal={Journal of Physics: Condensed Matter},
  volume={20},
  pages={135201},
  year={2008},
  publisher={IOP Publishing}
}

@article{Sellan:2010,
  title={Size effects in molecular dynamics thermal conductivity predictions},
  author={Sellan, D.P. and Landry, E.S. and Turney, J.E. and McGaughey, A.J.H. and Amon, C.H.},
  journal={Physical Review B},
  volume={81},
  pages={214305},
  year={2010},
  publisher={APS}
}

@article{Stillinger:1985,
  title={Computer simulation of local order in condensed phases of silicon},
  author={Stillinger, F.H. and Weber, T.A.},
  journal={Physical review B},
  volume={31},
  pages={5262},
  year={1985},
  publisher={APS}
}

@article{Vohra:2014,
  title={Development of a reduced model of formation reactions in {Zr-Al} nanolaminates},
  author={Vohra, M. and Winokur, J. and Overdeep, K.R. and Marcello, P. and Weihs, T.P. and Knio, O.M.},
  journal={Journal of Applied Physics},
  volume={116},
  pages={233501},
  year={2014},
  publisher={AIP Publishing}
}

@article{Petvipusit:2014,
  title={Robust optimisation of {CO}$_2$ sequestration strategies under geological uncertainty using adaptive sparse grid surrogates},
  author={Petvipusit, K.R. and Elsheikh, A.H. and Laforce, T.C. and King, P.R. and Blunt, M.J.},
  journal={Computational Geosciences},
  volume={18},
  pages={763--778},
  year={2014},
  publisher={Springer}
}

@article{Ma:2009,
  title={An efficient {B}ayesian inference approach to inverse problems based on an adaptive sparse grid collocation method},
  author={Ma, X. and Zabaras, N.},
  journal={Inverse Problems},
  volume={25},
  pages={035013},
  year={2009},
  publisher={IOP Publishing}
}

@article{Constantine:2012,
  title={Sparse pseudospectral approximation method},
  author={Constantine, P.G. and Eldred, M.S. and Phipps, E.T.},
  journal={Computer Methods in Applied Mechanics and Engineering},
  volume={229},
  pages={1--12},
  year={2012},
  publisher={Elsevier}
}

@book{Constantine:2015,
author="P.G. Constantine",
title="Active Subspaces: Emerging Ideas for Dimension Reduction in Parameter Studies",
volume={2},
publisher={SIAM},
year={2015},
}

@article{Vohra:2018b,
title={Sensitivity-driven adaptive construction of reduced-space surrogates},
journal={arXiv:1806.06285v1 [stat.AP]},
author={Vohra, M. and Alexanderian, A. and Safta, C. and Mahadevan, S.}, 
year={2018},
}

@article{Vohra:2018a,
title = "Uncertainty quantification in non-equilibrium molecular dynamics simulations of thermal transport",
journal = "International Journal of Heat and Mass Transfer",
volume = "127",
pages = "297 - 307",
year = "2018",
issn = "0017-9310",
author = "M. Vohra and A.Y. Nobakht and S. Shin and S. Mahadevan"
}

@article{Vohra:2018c,
title={Subspace-based dimension reduction for chemical kinetics applications with epistemic uncertainty},
journal={arXiv:1810.00955 [physics.chem-ph]},
author={Vohra, M. and Alexanderian, A. and Guy, H. and Mahadevan, S.},
year={2018},
}

@article{Plimpton:2007,
  title={{LAMMPS}-large-scale atomic/molecular massively parallel simulator},
  author={Plimpton, S. and Crozier, P. and Thompson, A.},
  journal={Sandia National Laboratories},
  volume={18},
  pages={43--43},
  year={2007}
}

@article{Constantine:2017,
  title={Global sensitivity metrics from active subspaces},
  author={Constantine, P.G. and Diaz, P.},
  journal={Reliability Engineering \& System Safety},
  volume={162},
  pages={1--13},
  year={2017},
  publisher={Elsevier}
}

@mastersthesis{Diaz:2016,
  author  ={Diaz, P.M.},
    title ={Global sensitivity metrics from active subspaces with applications},
    year  ={2016},
    school={Colorado School of Mines}
}

@article{Sobol:2001,
  title={Global sensitivity indices for nonlinear mathematical models and their Monte Carlo estimates},
  author={Sobol, I.M.},
  journal={Mathematics and computers in simulation},
  volume={55},
  pages={271--280},
  year={2001},
  publisher={Citeseer}
}

@article{Borgonovo:2007,
  title={A new uncertainty importance measure},
  author={Borgonovo, E.},
  journal={Reliability Engineering \& System Safety},
  volume={92},
  pages={771--784},
  year={2007},
  publisher={Elsevier}
}

@article{Li:2010,
  title={Global sensitivity analysis for systems with independent and/or correlated inputs},
  author={Li, G. and Rabitz, H. and Yelvington, P.E. and Oluwole, O.O. and Bacon, F. and Kolb, C.E. and Schoendorf, J.},
  journal={The Journal of Physical Chemistry A},
  volume={114},
  pages={6022--6032},
  year={2010},
  publisher={ACS Publications}
}

@article{Jacques:2006,
  title={Sensitivity analysis in presence of model uncertainty and correlated inputs},
  author={Jacques, J. and Lavergne, C. and Devictor, N.},
  journal={Reliability Engineering \& System Safety},
  volume={91},
  pages={1126--1134},
  year={2006},
  publisher={Elsevier}
}

@article{Xu:2007,
  title={Extending a global sensitivity analysis technique to models with correlated parameters},
  author={Xu, C. and Gertner, G.},
  journal={Computational Statistics \& Data Analysis},
  volume={51},
  pages={5579--5590},
  year={2007},
  publisher={Elsevier}
}

@article{Hart:2017,
  title={{S}obol' indices for correlated variables},
  author={Hart, J. and Gremaud, P.},
  journal={arXiv:1801.01359v4 [physics.data-an]},
  year={2017}
}

@article{Plischke:2013,
  title={Global sensitivity measures from given data},
  author={Plischke, E. and Borgonovo, E. and Smith, C.L.},
  journal={European Journal of Operational Research},
  volume={226},
  pages={536--550},
  year={2013},
  publisher={Elsevier}
}

@article{Tissot:2015,
  title={A randomized orthogonal array-based procedure for the estimation of first-and second-order {S}obol' indices},
  author={Tissot, J.-Y. and Prieur, C.},
  journal={Journal of Statistical Computation and Simulation},
  volume={85},
  pages={1358--1381},
  year={2015},
  publisher={Taylor \& Francis}
}

@article{Li:2016,
  title={An efficient modularized sample-based method to estimate the first-order {S}obol index},
  author={Li, C. and Mahadevan, S.},
  journal={Reliability Engineering \& System Safety},
  volume={153},
  pages={110--121},
  year={2016},
  publisher={Elsevier}
}

@article{Sudret:2008,
  title={Global sensitivity analysis using polynomial chaos expansions},
  author={Sudret, B.},
  journal={Reliability Engineering \& System Safety},
  volume={93},
  pages={964--979},
  year={2008},
  publisher={Elsevier}
}

@article{Sobol:2009,
Author = {{Sobol'}, I.M. and Kucherenko, S.},
Journal = {Math. Comp. Simul.},
Pages = {3009--30017},
Title = {Derivative based global sensitivity measures and the link with global sensitivity indices},
Volume = {79},
Year = {2009}}

@article{Lamboni:2013,
title={Derivative-based global sensitivity measures: General links with {S}obol'
indices and numerical tests},
volume={87},
journal={Mathematics and Computers in Simulation},
author={Lamboni, M. and Iooss, B. and Popelin, A.-L. and Gamboa, F.},
year={2013},
pages={45--54}}

@article{Haario:2001,
  title={An adaptive {M}etropolis algorithm},
  author={Haario, H. and Saksman, E. and Tamminen, J. and others},
  journal={Bernoulli},
  volume={7},
  pages={223--242},
  year={2001},
  publisher={Bernoulli Society for Mathematical Statistics and Probability}
}

@article{Haario:2006,
  title={{DRAM}: efficient adaptive {MCMC}},
  author={Haario, H. and Laine, M. and Mira, A. and Saksman, E.},
  journal={Statistics and Computing},
  volume={16},
  pages={339--354},
  year={2006},
  publisher={Springer}
}

@inproceedings{Xu:2014,
  title={Distributed {B}ayesian posterior sampling via moment sharing},
  author={Xu, M. and Lakshminarayanan, B. and Teh, Y.W. and Zhu, J. and Zhang, B.},
  booktitle={Advances in Neural Information Processing Systems},
  pages={3356--3364},
  year={2014}
}

@article{Shanks:1963,
  title={Thermal conductivity of silicon from 300 to 1400 {K}},
  author={Shanks, H.R. and Maycock, P.D. and Sidles, P.H. and Danielson, G.C.},
  journal={Physical Review},
  volume={130},
  pages={1743},
  year={1963},
  publisher={APS}
}

@article{Hu:2016,
  title={Global sensitivity analysis-enhanced surrogate ({GSAS}) modeling for reliability analysis},
  author={Hu, Z. and Mahadevan, S.},
  journal={Structural and Multidisciplinary Optimization},
  volume={53},
  pages={501--521},
  year={2016},
  publisher={Springer}
}

@article{Bichon:2008,
  title={Efficient global reliability analysis for nonlinear implicit performance functions},
  author={Bichon, B.J. and Eldred, M.S. and Swiler, L.P. and Mahadevan, S. and McFarland, J.M.},
  journal={AIAA Journal},
  volume={46},
  pages={2459--2468},
  year={2008}
}

@incollection{Rasmussen:2004,
  title={Gaussian processes in machine learning},
  author={Rasmussen, C.E.},
  booktitle={Advanced lectures on machine learning},
  pages={63--71},
  year={2004},
  publisher={Springer}
}

@article{Xiu:2002,
  title={The {W}iener--{A}skey polynomial chaos for stochastic differential equations},
  author={Xiu, D. and Karniadakis, G.E.},
  journal={SIAM Journal on Scientific Computing},
  volume={24},
  number={2},
  pages={619--644},
  year={2002},
  publisher={SIAM}
}

@article{Ghanem:1990,
  title={Polynomial chaos in stochastic finite elements},
  author={Ghanem, R. and Spanos, P.D.},
  journal={Journal of Applied Mechanics},
  volume={57},
  pages={197--202},
  year={1990},
  publisher={American Society of Mechanical Engineers}
}

@phdthesis{Sankararaman:2012,
  title={Uncertainty quantification and integration in engineering systems},
  author={Sankararaman, S.},
  year={2012},
  publisher={Vanderbilt University}
}

@article{Volz:1999,
  title={Molecular dynamics simulation of thermal conductivity of silicon nanowires},
  author={Volz, S.G. and Chen, G.},
  journal={Applied Physics Letters},
  volume={75},
  number={14},
  pages={2056--2058},
  year={1999},
  publisher={AIP}
}
